@BOOK{Lohr,                                                            
	address      = "Pacific Grove, CA",
	author       = "Lohr, Sharon L.",
        publisher    = "Duxbury Press",
	title        = "Sampling: Design and Analysis",
	year         = 1999}